<record><leader>00000cas a22000007a 4500</leader><controlfield tag="001">15499489</controlfield><controlfield tag="008">870407d19311977wiuwr ne      0    0eng d</controlfield><datafield ind1=" " ind2=" " tag="010"><subfield code="a">sn 87082426 </subfield></datafield><datafield ind1=" " ind2=" " tag="040"><subfield code="a">NPV</subfield><subfield code="b">eng</subfield><subfield code="c">NPV</subfield><subfield code="d">OCLCQ</subfield></datafield><datafield ind1=" " ind2=" " tag="042"><subfield code="a">msc</subfield></datafield><datafield ind1="0" ind2="0" tag="245"><subfield code="a">Whitefish Bay herald.</subfield></datafield><datafield ind1="1" ind2="3" tag="246"><subfield code="a">Suburban herald</subfield></datafield><datafield ind1=" " ind2=" " tag="260"><subfield code="a">Whitefish Bay, Milwaukee, Wis. :</subfield><subfield code="b">F.A. Ross,</subfield><subfield code="c">1930-1977.</subfield></datafield><datafield ind1=" " ind2=" " tag="300"><subfield code="a">v.</subfield></datafield><datafield ind1=" " ind2=" " tag="310"><subfield code="a">Weekly</subfield></datafield><datafield ind1="0" ind2=" " tag="362"><subfield code="a">Vol. 1, no. 1 (June 6, 1930)-v. 20 (Sept. 8, 1977).</subfield></datafield><datafield ind1=" " ind2=" " tag="500"><subfield code="a">Publisher varies.</subfield></datafield><datafield ind1=" " ind2=" " tag="515"><subfield code="a">Volume and numbering are irregular.</subfield></datafield><datafield ind1=" " ind2=" " tag="752"><subfield code="a">United States</subfield><subfield code="b">Wisconsin</subfield><subfield code="c">Milwaukee</subfield><subfield code="d">Whitefish Bay.</subfield></datafield><datafield ind1=" " ind2=" " tag="752"><subfield code="a">United States</subfield><subfield code="b">Wisconsin</subfield><subfield code="c">Milwaukee</subfield><subfield code="d">Milwaukee.</subfield></datafield><datafield ind1="0" ind2="0" tag="785"><subfield code="t">Herald (Whitefish Bay, Wis. ed.)</subfield><subfield code="w">(DLC)sn 87082427</subfield></datafield></record>